<?xml version="1.0" encoding="UTF-8"?><record xmlns="http://www.loc.gov/MARC21/slim" xmlns:cinclude="http://apache.org/cocoon/include/1.0" xmlns:zs="http://www.loc.gov/zing/srw/">
  <leader>00583cz  a2200157n  4500</leader>
  <controlfield tag="001">n  89253928 </controlfield>
  <controlfield tag="003">DLC</controlfield>
  <controlfield tag="005">20141210084254.0</controlfield>
  <controlfield tag="008">951220n| azannaab           |a aaa      </controlfield>
  <datafield tag="010" ind1=" " ind2=" ">
    <subfield code="a">n  89253928 </subfield>
  </datafield>
  <datafield tag="040" ind1=" " ind2=" ">
    <subfield code="a">DLC</subfield>
    <subfield code="b">eng</subfield>
    <subfield code="e">rda</subfield>
    <subfield code="c">DLC</subfield>
    <subfield code="d">DLC</subfield>
  </datafield>
  <datafield tag="100" ind1="1" ind2=" ">
    <subfield code="a">Gobind, K. B.</subfield>
    <subfield code="q">(Kashyap Bal)</subfield>
  </datafield>
  <datafield tag="378" ind1=" " ind2=" ">
    <subfield code="q">Kashyap Bal</subfield>
  </datafield>
  <datafield tag="400" ind1="1" ind2="0">
    <subfield code="a">Gobind, Kashyap Bal</subfield>
  </datafield>
  <datafield tag="400" ind1="0" ind2="0">
    <subfield code="a">Kashyap Bal Gobind</subfield>
  </datafield>
  <datafield tag="670" ind1=" " ind2=" ">
    <subfield code="a">Reformative law and social justice in Indian society, 1995:</subfield>
    <subfield code="b">t.p. (K.B. Gobind, M.A., LL. B., Ph. D., lect., Dept. of Sociology, B.S.K. Coll., Barharwa Distt., Sahibganj, Bihar) spine (Kashyap Bal Gobind)</subfield>
  </datafield>
</record>